
%---------------------------------------------
%               Páginas web
%---------------------------------------------

@online{Definición_de_axioma,
  author = {Wikipedia},
  title = {Axioma},
  url = {https://es.wikipedia.org/wiki/Axioma},
  year = {6 de septiembre del 2023},
}

@online{Teorema_de_completitud,
  author = {Wikipedia},
  title = {Teorema de completitud de Gödel},
  url = {https://es.wikipedia.org/wiki/Teorema_de_completitud_de_G%C3%B6del#:~:text=En%201930%20G%C3%B6del%20demostr%C3%B3%20la,A%2C%20entonces%20%E2%94%9C%20A%22.},
  year = {10 de abril del 2023},
}

@online{Paradoja_del_barbero,
  author = {Wikipedia},
  title = {Paradoja de Russell},
  url = {https://es.wikipedia.org/wiki/Paradoja_de_Russell},
  year = {14 de septiembre del 2023},
}

